@Misc{Olsak:Typografie,
author = "Ol{\v{s}}{\'{a}}k, P",
title = "Typografie, co to je?",
howpublished = "online",
revised = "Posledn{\'{a}} zmena 11. febru{\'{a}}ra 2014",
cited = "2016-04-12",
url = "http://petr.olsak.net/typo/typoslidy-v2.pdf",
}

@Misc{Martinek:Latex,
author = "Martinek, David",
title = "{{\LaTeX}}ov{\'{e}} speciality",
howpublished = "online",
revised = "Posledn{\'{a}} zmena 25. febru{\'{a}}ra 2010",
cited = "!2016-04-11",
url = "http://www.fit.vutbr.cz/{{\verb|~|}}martinek/latex/index.html",
}

@Misc{Mittelbach:Introduction,
author = "Mittelbach, F.",
title = "An Introduction to {{\LaTeX}}",
howpublished = "online",
revised = "Posledn{\'{a}} zmena 3. apr{\'{\i}}la 2015",
cited = "2016-04-12",
url = "http://www.latex-project.org/intro.html"
}

@Book{Ambrose:Typografie,
author = "Ambrose, G. and Harris, P.",
title = "Typografie",
publisher = "Computer Press",
year = "2010",
address = "Brno",
isbn = "9788025129678",
}

@Book{Rybicka:Zacatecniky,
author = "Rybi{\v{c}}ka, Ji{\v{r}}{\'{\i}}",
title = "{{\LaTeX}} pro za{\v{c}}{\'{a}}te{\v{c}}n{\'{\i}}ky",
publisher = "Konvoj",
year = "2003",
edition = "3",
address = "Brno",
isbn = "80--7302--049--1",
}

@InProceedings{Syropoulos:Zbornik,
author = "Syropoulos, A. and Berry, K. and others",
title = "Tex, XML, and Digital Typography",
booktitle = "International Conference on TeX, XML, and Digital Typography Held Jointly with the 25th Annual Meeting of the TeX User Group",
address = "Berlin",
publisher = "Springer--Verlag",
year = "2004",
isbn = "3--540--22801--2",
}

@Book{Helmut:Guide,
author = "Kopka, Helmut and Daly, Patrick W.",
title = "A~Guide to LATEX",
publisher = "Addison--Wesley",
year = "2003",
edition = "4",
address = "Boston",
isbn = "0--321--17385--6",
}

@Article{Math:Latex,
author = "Meyer, Kenneth R.",
title = "Math into LATEX: An Introduction to LATEX and AMS-LATEX",
journal = "SIAM Review",
year = "1996",
number = "38",
pages = "2",
issn = "0036--1445",
}

@Article{Typo:Mag,
author = "Pi{\v{s}}kula",
title = "The mutual exclusion problem has been solved",
journal = "TYPO",
year = "2012",
number = "50",
issn = "1214-0716",
}

@MasterThesis{Bednar:OpenType,
author = "Bedn{\'{a}}r, Peter",
title = "Tvorba p{\'{\i}}sma OpenType voln{\v{e}} dostupn{\'{y}}mi softwarov{\'{y}}mi prost{\v{r}}edky",
school = "VUT FEKT v~Brn{\v{e}}",
address = "Brno",
year = "2011",
}

@BachelorThesis{Simek:Editor,
author = "{\v{S}}imek, Ji{\v{r}}{\'{\i}}",
title = "Transformace v{\'{y}}raz{\r{u}} z~Editoru Rovnic do {{\LaTeX}}u",
school = "VUT FIT v~Brn{\v{e}}",
address = "Brno",
year = "2009",
}